<record><leader>00000cas a22000007a 4500</leader><controlfield tag="001">4124434</controlfield><controlfield tag="008">780810d19721979vaucr ne      0   a0eng d</controlfield><datafield ind1=" " ind2=" " tag="010"><subfield code="a">sn 78001209 </subfield></datafield><datafield ind1=" " ind2=" " tag="040"><subfield code="a">NSD</subfield><subfield code="b">eng</subfield><subfield code="c">NSD</subfield><subfield code="d">MFN</subfield><subfield code="d">NSD</subfield><subfield code="d">DLC</subfield><subfield code="d">NVK</subfield><subfield code="d">OCLCQ</subfield><subfield code="d">OCLCO</subfield><subfield code="d">OCLCF</subfield></datafield><datafield ind1=" " ind2=" " tag="012"><subfield code="j">1</subfield><subfield code="k">1</subfield><subfield code="l">1</subfield></datafield><datafield ind1="1" ind2=" " tag="022"><subfield code="a">0162-2056</subfield><subfield code="l">0162-2056</subfield><subfield code="2">1</subfield></datafield><datafield ind1="1" ind2=" " tag="029"><subfield code="a">AU@</subfield><subfield code="b">000020593708</subfield></datafield><datafield ind1=" " ind2=" " tag="042"><subfield code="a">nsdp</subfield></datafield><datafield ind1=" " ind2=" " tag="043"><subfield code="a">n-us-va</subfield></datafield><datafield ind1="0" ind2=" " tag="130"><subfield code="a">Fairfax journal (Alexandria, Va. : 1972)</subfield></datafield><datafield ind1=" " ind2="4" tag="222"><subfield code="a">The Fairfax journal</subfield></datafield><datafield ind1="1" ind2="4" tag="245"><subfield code="a">The Fairfax journal.</subfield></datafield><datafield ind1="1" ind2=" " tag="246"><subfield code="i">Published as the:</subfield><subfield code="a">Journal, Fairfax County edition,</subfield><subfield code="f">Nov. 16, 1972-Sept. 27, 1973</subfield></datafield><datafield ind1=" " ind2=" " tag="260"><subfield code="a">Alexandria, Va. :</subfield><subfield code="b">Journal Newspapers, -1979.</subfield></datafield><datafield ind1=" " ind2=" " tag="310"><subfield code="a">Semiweekly,</subfield><subfield code="b">Sept. 28, 1977-1979</subfield></datafield><datafield ind1=" " ind2=" " tag="321"><subfield code="a">Weekly,</subfield><subfield code="b">&lt;Jan. 3, 1974&gt;-Sept. 22, 1977</subfield></datafield><datafield ind1="1" ind2=" " tag="362"><subfield code="a">Began Oct. 26, 1972?</subfield></datafield><datafield ind1="0" ind2=" " tag="362"><subfield code="a">-v. 41, no. 80 (Oct. 5, 1979).</subfield></datafield><datafield ind1=" " ind2=" " tag="500"><subfield code="a">Editor: Thomas Wuriu.</subfield></datafield><datafield ind1=" " ind2=" " tag="500"><subfield code="a">Publisher varies: Springfield, Va., Dec. 5, 1974-</subfield></datafield><datafield ind1=" " ind2=" " tag="500"><subfield code="a">"Serving Annandale/Springfield/Fairfax City" in dateline Nov. 30, 1972.</subfield></datafield><datafield ind1=" " ind2=" " tag="500"><subfield code="a">"Northern Virginia's community newspaper" in masthead until Sept. 27, 1973.</subfield></datafield><datafield ind1=" " ind2=" " tag="500"><subfield code="a">"Fairfax County's community newspaper" in masthead after Sept. 27, 1973.</subfield></datafield><datafield ind1=" " ind2=" " tag="530"><subfield code="a">Available on microfilm from Bell and Howell (for the Library of Virginia).</subfield></datafield><datafield ind1=" " ind2=" " tag="580"><subfield code="a">Between Oct. 26 and 1979 Journal Newspapers, Inc., under Thomas Wuriu, also owned: Fairfax County journal (Alexandria, Va. : Falls Church/Vienna/McLean edition); Fairfax County journal (Alexandria, Va. : Mount Vernon-Lee edition); Alexandria journal (Alexandria, Va. : 1972); and Arlington journal (Alexandria, Va. : 1972).</subfield></datafield><datafield ind1=" " ind2=" " tag="588"><subfield code="a">Description based on: Vol. 33, no. 46 (Nov. 16, 1972).</subfield></datafield><datafield ind1=" " ind2="0" tag="651"><subfield code="a">Fairfax County (Va.)</subfield><subfield code="v">Newspapers.</subfield></datafield><datafield ind1=" " ind2="0" tag="651"><subfield code="a">Fairfax (Va.)</subfield><subfield code="v">Newspapers.</subfield></datafield><datafield ind1=" " ind2="0" tag="651"><subfield code="a">Annandale (Va.)</subfield><subfield code="v">Newspapers.</subfield></datafield><datafield ind1=" " ind2="0" tag="651"><subfield code="a">Springfield (Va.)</subfield><subfield code="v">Newspapers.</subfield></datafield><datafield ind1=" " ind2="0" tag="651"><subfield code="a">Alexandria (Va.)</subfield><subfield code="v">Newspapers.</subfield></datafield><datafield ind1=" " ind2="7" tag="655"><subfield code="a">Newspapers.</subfield><subfield code="2">fast</subfield><subfield code="0">(OCoLC)fst01423814</subfield></datafield><datafield ind1=" " ind2="7" tag="651"><subfield code="a">Virginia</subfield><subfield code="z">Alexandria.</subfield><subfield code="2">fast</subfield><subfield code="0">(OCoLC)fst01206236</subfield></datafield><datafield ind1=" " ind2="7" tag="651"><subfield code="a">Virginia</subfield><subfield code="z">Annandale.</subfield><subfield code="2">fast</subfield><subfield code="0">(OCoLC)fst01206230</subfield></datafield><datafield ind1=" " ind2="7" tag="651"><subfield code="a">Virginia</subfield><subfield code="z">Fairfax.</subfield><subfield code="2">fast</subfield><subfield code="0">(OCoLC)fst01214640</subfield></datafield><datafield ind1=" " ind2="7" tag="651"><subfield code="a">Virginia</subfield><subfield code="z">Fairfax County.</subfield><subfield code="2">fast</subfield><subfield code="0">(OCoLC)fst01204981</subfield></datafield><datafield ind1=" " ind2="7" tag="651"><subfield code="a">Virginia</subfield><subfield code="z">Springfield.</subfield><subfield code="2">fast</subfield><subfield code="0">(OCoLC)fst01203403</subfield></datafield><datafield ind1="1" ind2=" " tag="700"><subfield code="a">Wuriu, Thomas.</subfield></datafield><datafield ind1=" " ind2=" " tag="752"><subfield code="a">United States</subfield><subfield code="b">Virginia</subfield><subfield code="c">Fairfax</subfield><subfield code="d">Springfield.</subfield></datafield><datafield ind1=" " ind2=" " tag="752"><subfield code="a">United States</subfield><subfield code="b">Virginia</subfield><subfield code="d">Alexandria.</subfield></datafield><datafield ind1="1" ind2=" " tag="775"><subfield code="t">Fairfax County journal (Alexandria, Va. : Falls Church/Vienna/McLean edition)</subfield><subfield code="w">(DLC)sn 98068094</subfield></datafield><datafield ind1="1" ind2=" " tag="775"><subfield code="t">Fairfax County journal (Alexandria, Va. : Mount Vernon-Lee edition)</subfield><subfield code="w">(DLC)sn 98068096</subfield></datafield><datafield ind1="1" ind2=" " tag="775"><subfield code="t">Alexandria journal (Alexandria, Va. : 1972)</subfield><subfield code="w">(DLC)sn 78001208</subfield></datafield><datafield ind1="1" ind2=" " tag="775"><subfield code="t">Arlington journal (Alexandria, Va. : 1972)</subfield><subfield code="w">(DLC)sn 78000495</subfield></datafield><datafield ind1="0" ind2="0" tag="780"><subfield code="t">Fairfax County journal standard (Alexandria, Va. : Annandale/Springfield/Fairfax City edition)</subfield><subfield code="w">(DLC)sn 98068092</subfield></datafield><datafield ind1="0" ind2="4" tag="785"><subfield code="t">Fairfax globe</subfield></datafield><datafield ind1="0" ind2="4" tag="785"><subfield code="t">Fairfax journal and globe</subfield><subfield code="x">0199-0543</subfield><subfield code="w">(DLC)sn 79007953</subfield></datafield></record>